<?xml version="1.0" encoding="UTF-8"?><collection xmlns="http://www.loc.gov/MARC21/slim"><record><leader>00336nam--2200133-i-4500</leader><controlfield tag="001">000042442</controlfield><controlfield tag="002">20161230</controlfield><controlfield tag="005">20161230201043</controlfield><controlfield tag="008">060222s1000------------r-----000-0-eng-d</controlfield><datafield ind1=" " ind2=" " tag="080"><subfield code="a">543.42:543.51:539.143.43</subfield></datafield><datafield ind1=" " ind2=" " tag="245"><subfield code="a">Spectroscopic tricks</subfield></datafield><datafield ind1=" " ind2=" " tag="260"><subfield code="a">London, Adam Hilger Ltd, 1968. Xiv + 333 P</subfield></datafield><datafield ind1=" " ind2=" " tag="700"><subfield code="a">Leopold May</subfield></datafield><datafield ind1=" " ind2=" " tag="852"><subfield code="a">36608</subfield></datafield></record></collection>